% This file was created with Citavi 6.14.0.281

@article{Lehmann. STEM,
 author = {Lehmann, Michael Lehman},
 title = {1{\_}STEMVorbereitung{\_}Notizen},
 file = {1_STEMVorbereitung_Notizen:Attachments/1_STEMVorbereitung_Notizen.pdf:application/pdf}
}


@misc{Lehmann.20220516,
 author = {Lehmann, Michael Lehman},
 year = {2022-05-16},
 title = {TEM-Laborpraktikum 2022 Aufgaben- und Zeitplan},
 file = {1_2022-05-16 Laborpraktikum 2022:Attachments/1_2022-05-16 Laborpraktikum 2022.pdf:application/pdf}
}


@article{Dirk.,
 author = {Dirk},
 title = {Microsoft PowerPoint - Theorie STEM-EDX 2022 06 20.pptx},
 file = {Theorie STEM-EDX 2022 06 20:Attachments/Theorie STEM-EDX 2022 06 20.pdf:application/pdf}
}


@misc{Winkler.,
 title = {TEM Beugung Mitschrift 2},
 file = {Grundlagen_Beugung_Aufschrieb_Till:Attachments/Grundlagen_Beugung_Aufschrieb_Till.pdf:application/pdf}
}


@article{DirkBergerZELMI.,
 author = {{Dirk Berger ZELMI}},
 title = {1{\_}Vorsprache{\_}STEM-EDX{\_}2022},
 file = {1_Vorsprache_STEM-EDX_2022:Attachments/1_Vorsprache_STEM-EDX_2022.pdf:application/pdf}
}


@misc{JuanBettinelli.,
 author = {{Gruppe 3}},
 title = {Holographie Labor Mitschirft}
}


@misc{Bettinelli.20220509,
 year = {2022-05-09},
 title = {TEM proben Vorbereitung 1,2{\&}3 Mitschrift},
 file = {TEM proben Vorbereitung 1,2&3:Attachments/TEM proben Vorbereitung 1,2&3.pdf:application/pdf}
}


@article{Arts.2021,
 abstract = {This work demonstrates that ions have a strong impact on the growth per cycle (GPC) and material properties during plasma-assisted atomic layer deposition (ALD) of TiO2 (titanium dioxide), even under mild plasma conditions with low-energy ({\textless}20 eV) ions. Using vertical trench nanostructures and microscopic cavity structures that locally block the flux of ions, it is observed that the impact of (low-energy) ions is an important factor for the TiO2 film conformality. Specifically, it is demonstrated that the GPC in terms of film thickness can increase by 20 to {\textgreater}200{\%} under the influence of ions, which is correlated with an increase in film crystallinity and an associated strong reduction in the wet etch rate (in 30:1 buffered HF). The magnitude of the influence of ions is observed to depend on multiple parameters such as the deposition temperature, plasma exposure time, and ion energy, which may all be used to minimize or exploit this effect. For example, a relatively moderate influence of ions is observed at 200 °C when using short plasma steps and a grounded substrate, providing a low ion-energy dose of $\sim$1 eV nm-2 cycle-1, while a high effect is obtained when using extended plasma exposures or substrate biasing ($\sim$100 eV nm-2 cycle-1). This work on TiO2 shows that detailed insight into the role of ions during plasma ALD is essential for precisely controlling the film conformality, material properties, and process reproducibility.},
 author = {Arts, Karsten and Thepass, Harvey and Verheijen, Marcel A. and Puurunen, Riikka L. and Kessels, Wilhelmus M. M. and Knoops, Harm C. M.},
 year = {2021},
 title = {Impact of Ions on Film Conformality and Crystallinity during Plasma-Assisted Atomic Layer Deposition of TiO2},
 pages = {5002--5009},
 volume = {33},
 number = {13},
 issn = {0897-4756},
 journal = {Chemistry of materials : a publication of the American Chemical Society},
 doi = {10.1021/acs.chemmater.1c00781     },
 file = {1_STEM-EDX_Vorbereitung_Praesentation_2022_06_20:Attachments/1_STEM-EDX_Vorbereitung_Praesentation_2022_06_20.pdf:application/pdf}
}


@misc{Bettinelli.20220509b,
 year = {2022-05-09},
 title = {Probenprepation Messdatenprotokoll TEM-Labor},
 file = {Probenprepation Protokoll TEM:Attachments/Probenprepation Protokoll TEM.pdf:application/pdf}
}


@misc{.b,
 title = {TEM column and TEM operation},
 file = {1_STEM_Vorbereitung_Praesentation:Attachments/1_STEM_Vorbereitung_Praesentation.pdf:application/pdf}
}


@misc{JuanBettinelli.b,
 title = {TEM Holographie Labor Mitschrift},
 file = {TEM Holographie:Attachments/TEM Holographie.pdf:application/pdf}
}


@article{DirkBergerZELMI.b,
 author = {{Dirk Berger ZELMI}},
 title = {1{\_}STEM-EDX Praktikum ZELMI 2022 07 25},
 file = {1_STEM-EDX Praktikum ZELMI 2022 07 25:Attachments/1_STEM-EDX Praktikum ZELMI 2022 07 25.pdf:application/pdf}
}


@article{TITAN.,
 author = {TITAN},
 title = {TITAN Ein/Ausscheck verfahren},
 file = {TITAN_Ein:Auschecken:Attachments/TITAN_Ein:Auschecken.pdf:application/pdf}
}


@article{Frederic.,
 author = {Frederic},
 title = {Beugung Tafel Foto},
 file = {Beugung_Tafel_Foto:Attachments/Beugung_Tafel_Foto.pdf:application/pdf}
}


@misc{Soren.,
 title = {Präparation von Proben für TEM-Untersuchungen},
 file = {3_TEMProPräp:Attachments/3_TEMProPräp.pdf:application/pdf}
}


@article{DirkBergerZELMI.c,
 author = {{Dirk Berger ZELMI}},
 title = {STEM-EDX Praktikum ZELMI 2022 07 25},
 file = {STEM-EDX Praktikum ZELMI 2022 07 25:Attachments/STEM-EDX Praktikum ZELMI 2022 07 25.pdf:application/pdf}
}


@article{Tolga.,
 author = {Tolga},
 title = {Holographie Tafel aufschrift},
 file = {Holographie_Tafel_aufschrift:Attachments/Holographie_Tafel_aufschrift.pdf:application/pdf}
}


@misc{JuanBettinelli.c,
 title = {TEM Beugung Labor Mitschrift},
 file = {TEM Beugung Notizen:Attachments/TEM Beugung Notizen.pdf:application/pdf}
}


